01REMESSA01COBRANCA       00000000000004551915ASSOCIACAO PAULISTA DE CIRURGI237BRADESCO       160320        MX0000001                                                                                                                                                                                                                                                                                     000001
100000 000000000000 0009000910052974900035                    0002100000035032020500000000001N           2  0178698     26032000000002389000000000099N160320060500000000005000000000000000000000000000000000000000000000000299999999999999APCD ARARAQUARA                         RUA NOVE DE JULHO, 2340                             14802300                                                            000002
2   VALORES EXPRESSOS EM REAIS  -  AS INFORMACOES DESTE BOLETO SAO DE EXCLUSIVA R                                                                                                                                                                                                                                                00000000000000000000000000000000000000       0090009100529749000350320205000003
9                                                                                                                                                                                                                                                                                                                                                                                                         000004
