01REMESSA01COBRANCA       00000000000004551915ASSOCIACAO PAULISTA DE CIRURGI237BRADESCO       250320        MX0000001                                                                                                                                                                                                                                                                                     000001
100000 000000000000 0009000910052974900040                    0002100000040032020100000000001N           2  0178315     04042000000000000000000000099N250320060500000000005000000000000000000000000000000000000000000000000299999999999999APCD BAURU                              RUA GERSON FRANCA, 8-31                             17015200                                                            000002
2   VALORES EXPRESSOS EM REAIS  -  AS INFORMACOES DESTE BOLETO SAO DE EXCLUSIVA R                                                                                                                                                                                                                                                00000000000000000000000000000000000000       0090009100529749000400320201000003
9                                                                                                                                                                                                                                                                                                                                                                                                         000004
