01REMESSA01COBRANCA       00000000000004551915ASSOCIACAO PAULISTA DE CIRURGI237BRADESCO       100320        MX0000001                                                                                                                                                                                                                                                                                     000001
100000 000000000000 0009000910052974900046                    0002100000046032020000000000001N           2  0178302     20032000000007167000000000099N100320060500000000005000000000000000000000000000000000000000000000000299999999999999APCD DRACENA                            RUA SAO PAULO, 1564                                 17900000                                                            000002
2   VALORES EXPRESSOS EM REAIS  -  AS INFORMACOES DESTE BOLETO SAO DE EXCLUSIVA R                                                                                                                                                                                                                                                00000000000000000000000000000000000000       0090009100529749000460320200000003
9                                                                                                                                                                                                                                                                                                                                                                                                         000004
