01REMESSA01COBRANCA       00000000000004551915ASSOCIACAO PAULISTA DE CIRURGI237BRADESCO       160320        MX0000001                                                                                                                                                                                                                                                                                     000001
100000 000000000000 0009000910052974900055                    0002100000055032020P00000000001N           2  0176195     26032000000000000000000000099N160320060500000000005000000000000000000000000000000000000000000000000299999999999999APCD JUNDIAI                            AV. ADILSON RODRIGUES, 2445                         13211685                                                            000002
2   VALORES EXPRESSOS EM REAIS  -  AS INFORMACOES DESTE BOLETO SAO DE EXCLUSIVA R                                                                                                                                                                                                                                                00000000000000000000000000000000000000       009000910052974900055032020P000003
9                                                                                                                                                                                                                                                                                                                                                                                                         000004
