01REMESSA01COBRANCA       00000000000004551915ASSOCIACAO PAULISTA DE CIRURGI237BRADESCO       130320        MX0000001                                                                                                                                                                                                                                                                                     000001
100000 000000000000 0009000910052974900067                    0002100000067032020300000000001N           2  0176409     23032000000002389000000000099N130320060500000000005000000000000000000000000000000000000000000000000299999999999999APCD PIRACICABA                         RUA JOSE NARDON, 177                                13420451                                                            000002
2   VALORES EXPRESSOS EM REAIS  -  AS INFORMACOES DESTE BOLETO SAO DE EXCLUSIVA R                                                                                                                                                                                                                                                00000000000000000000000000000000000000       0090009100529749000670320203000003
9                                                                                                                                                                                                                                                                                                                                                                                                         000004
