01REMESSA01COBRANCA       00000000000004551915ASSOCIACAO PAULISTA DE CIRURGI237BRADESCO       240320        MX0000001                                                                                                                                                                                                                                                                                     000001
100000 000000000000 0009000910052974900070                    0002100000070032020300000000001N           2  0178001     03042000000001795000000000099N240320060500000000005000000000000000000000000000000000000000000000000299999999999999APCD SANTO ANDRE                        RUA DAS SILVEIRAS, 135                              09071100                                                            000002
2   VALORES EXPRESSOS EM REAIS  -  AS INFORMACOES DESTE BOLETO SAO DE EXCLUSIVA R                                                                                                                                                                                                                                                00000000000000000000000000000000000000       0090009100529749000700320203000003
9                                                                                                                                                                                                                                                                                                                                                                                                         000004
